@book{Quarteroni,
  title =        {Numerical Models for Differential Problems},
  author =       {Alfio Quarteroni},
  year =         2017,
  publisher =    {Springer International Publishing}
}
